<mx:record xmlns="http://www.w3.org/TR/xhtml1/strict" xmlns:mx="http://www.loc.gov/MARC21/slim" xmlns:xsi="http://www.w3.org/2001/XMLSchema-instance"><mx:leader>00000cz   2200000n  4500</mx:leader><mx:controlfield tag="001">oca00060591 </mx:controlfield><mx:controlfield tag="005">20011113110726.0</mx:controlfield><mx:controlfield tag="008">800718n| acannaab           |a aaa      </mx:controlfield><mx:datafield ind1=" " ind2=" " tag="010"><mx:subfield code="a">n  50025192 </mx:subfield></mx:datafield><mx:datafield ind1=" " ind2=" " tag="040"><mx:subfield code="a">DLC</mx:subfield><mx:subfield code="c">DLC</mx:subfield><mx:subfield code="d">DLC</mx:subfield></mx:datafield><mx:datafield ind1="0" ind2=" " tag="100"><mx:subfield code="a">William,</mx:subfield><mx:subfield code="c">of Tyre, Archbishop of Tyre,</mx:subfield><mx:subfield code="d">ca. 1130-ca. 1190.</mx:subfield></mx:datafield><mx:datafield ind1="0" ind2=" " tag="400"><mx:subfield code="a">Willem,</mx:subfield><mx:subfield code="c">van Tyrus, Archbishop of Tyre,</mx:subfield><mx:subfield code="d">ca. 1130-ca. 1190</mx:subfield></mx:datafield><mx:datafield ind1="1" ind2=" " tag="400"><mx:subfield code="a">Tyrus, Wilhelm von,</mx:subfield><mx:subfield code="d">ca. 1130-ca. 1190</mx:subfield></mx:datafield><mx:datafield ind1="0" ind2=" " tag="400"><mx:subfield code="a">Wilhelm,</mx:subfield><mx:subfield code="c">von Tyrus, Archbishop of Tyre,</mx:subfield><mx:subfield code="d">ca. 1130-ca. 1190</mx:subfield></mx:datafield><mx:datafield ind1="0" ind2=" " tag="400"><mx:subfield code="a">Guilelmus,</mx:subfield><mx:subfield code="c">Tyrius, Archbishop of Tyre,</mx:subfield><mx:subfield code="d">ca. 1130-ca. 1190</mx:subfield></mx:datafield><mx:datafield ind1="0" ind2=" " tag="400"><mx:subfield code="a">Guillaume,</mx:subfield><mx:subfield code="c">de Tyr, Archbishop of Tyre,</mx:subfield><mx:subfield code="d">ca. 1130-ca. 1190</mx:subfield></mx:datafield><mx:datafield ind1="1" ind2=" " tag="400"><mx:subfield code="a">Tyr, Guillaume de,</mx:subfield><mx:subfield code="d">ca. 1130-ca. 1190</mx:subfield></mx:datafield><mx:datafield ind1="0" ind2=" " tag="400"><mx:subfield code="a">William</mx:subfield><mx:subfield code="b">II,</mx:subfield><mx:subfield code="c">Archbishop of Tyre,</mx:subfield><mx:subfield code="d">ca. 1130-ca. 1190</mx:subfield></mx:datafield><mx:datafield ind1="0" ind2=" " tag="400"><mx:subfield code="a">Guilelmus,</mx:subfield><mx:subfield code="c">Abp. of Tyre,</mx:subfield><mx:subfield code="d">ca. 1130-ca. 1190</mx:subfield><mx:subfield code="w">nnaa</mx:subfield></mx:datafield><mx:datafield ind1="1" ind2=" " tag="400"><mx:subfield code="a">Tyrus, Willem van,</mx:subfield><mx:subfield code="d">ca. 1130-ca. 1190</mx:subfield></mx:datafield><mx:datafield ind1="1" ind2=" " tag="400"><mx:subfield code="a">Tyre, William of,</mx:subfield><mx:subfield code="d">ca. 1130-ca. 1190</mx:subfield></mx:datafield><mx:datafield ind1=" " ind2=" " tag="670"><mx:subfield code="a">His Godeffroy of Boloyne ... 1893.</mx:subfield></mx:datafield><mx:datafield ind1=" " ind2=" " tag="670"><mx:subfield code="a">Enc. Brit., 15th ed.</mx:subfield><mx:subfield code="b">(William of Tyre, b. ca. 1130, d. 1185)</mx:subfield></mx:datafield><mx:datafield ind1=" " ind2=" " tag="670"><mx:subfield code="a">Enc. Amer.</mx:subfield><mx:subfield code="b">(William of Tyre, b. ca. 1130, d. 1184/1190, abp. of Tyre, 1175)</mx:subfield></mx:datafield><mx:datafield ind1=" " ind2=" " tag="670"><mx:subfield code="a">New Cath. encyc.</mx:subfield><mx:subfield code="b">(William of Tyre, b. ca. 1130, d. ca. 1187)</mx:subfield></mx:datafield></mx:record>